@article{gu2024mamba,
  title={Mamba: Linear-Time Sequence Modeling with Selective State Spaces},
  author={Gu, Albert and Dao, Tri},
  journal={arXiv preprint arXiv:2312.00752},
  year={2024}
}

@inproceedings{ragan2013halide,
  title={Halide: A Language and Compiler for Optimizing Parallelism, Locality, and Recomputation in Image Processing Pipelines},
  author={Ragan-Kelley, Jonathan and Adams, Andrew and Paris, Sylvain and Levoy, Marc and Amarasinghe, Saman and Durand, Fr{\'e}do and Peserico, Emanuele},
  booktitle={Proceedings of the 34th ACM SIGPLAN Conference on Programming Language Design and Implementation},
  pages={519--530},
  year={2013},
  publisher={ACM}
}

@inproceedings{chen2018tvm,
  title={Learning to Optimize Tensor Programs},
  author={Chen, Tianqi and Zheng, Lianmin and Yan, Eddie and Jiang, Ziheng and Bai, Haichen and Li, Jia and Geng, Zijian and Li, Meng and Chen, Yida and Zhou, Tianjun and others},
  booktitle={Advances in Neural Information Processing Systems},
  volume={31},
  year={2018}
}

@inproceedings{tan2019efficientnetrm,
  title={EfficientNet: Rethinking Model Scaling for Convolutional Neural Networks},
  author={Tan, Mingxing and Le, Quoc},
  booktitle={Proceedings of the 36th International Conference on Machine Learning},
  pages={6105--6114},
  year={2019}
}

@inproceedings{Wu2018FBNetHE,
  title={FBNet: Hardware-Aware Efficient ConvNet Design via Differentiable Neural Architecture Search},
  author={Wu, Bichen and Dai, Xiaoliang and Zhang, Peizhao and Wang, Yanghan and Sun, Fei and Wu, Yuandong and Tian, Yuandong and Vajda, Peter and Gonzalez, Joseph and Keutzer, Kurt},
  booktitle={Proceedings of the IEEE/CVF Conference on Computer Vision and Pattern Recognition},
  pages={10734--10742},
  year={2019}
}

@inproceedings{Tillet2019TritonAI,
  title={Triton: An Intermediate Language and Compiler for Tiled Neural Network Computations},
  author={Tillet, Philippe and Kung, H. T. and Cox, David},
  booktitle={Proceedings of the 3rd ACM SIGPLAN International Workshop on Machine Learning and Programming Languages},
  pages={10--19},
  year={2019}
}

@article{karypis1997metis,
  title={A Fast and High Quality Multilevel Scheme for Partitioning Irregular Graphs},
  author={Karypis, George and Kumar, Vipin},
  journal={SIAM Journal on Scientific Computing},
  volume={20},
  number={1},
  pages={359--392},
  year={1998}
}

@inproceedings{Zhang2021UnderstandingGC,
  title={Understanding the Limitations of Graph Neural Network Acceleration on GPUs},
  author={Zhang, Hongkuan and Li, Jingwen and Samajdar, Ananda and Li, Ang and Chen, Jie and Wu, Tien-Ju and Ho, Tsung-Yi and Panda, Priyadarshini and Sze, Vivienne},
  booktitle={Proceedings of the IEEE/CVF International Conference on Computer Vision Workshops},
  pages={454--463},
  year={2021}
}

@inproceedings{frigo1999cacheobliviousalgorithms,
  title={Cache-Oblivious Algorithms},
  author={Frigo, Matteo and Leiserson, Charles E. and Prokop, Harald and Ramachandran, Sridhar},
  booktitle={Proceedings of the 40th Annual Symposium on Foundations of Computer Science},
  pages={285--297},
  year={1999}
}

@article{mishra2021accelerating,
  title={Accelerating Sparse Deep Neural Networks},
  author={Mishra, Asit and Tan, Maximilian and Liao, Ning and Nichol, Thomas and Shapero, Scott and Venkatesh, Ganesh and Lym, Sehoon},
  journal={Proceedings of the IEEE},
  volume={109},
  number={5},
  pages={665--690},
  year={2021}
}

@inproceedings{gray2017gpu,
  title={GPU Kernels for Block-Sparse Weights},
  author={Gray, Scott and Radford, Alec and Kingma, Diederik P.},
  booktitle={Proceedings of the 5th International Conference on Learning Representations, Workshop Track},
  year={2017}
}

@article{newman2006modularity,
  title={Modularity and Community Structure in Networks},
  author={Newman, M. E. J.},
  journal={Proceedings of the National Academy of Sciences},
  volume={103},
  number={23},
  pages={8577--8582},
  year={2006}
}

@inproceedings{jang2017categorical,
  title={Categorical Reparameterization with Gumbel-Softmax},
  author={Jang, Eric and Gu, Shixiang and Poole, Ben},
  booktitle={Proceedings of the 5th International Conference on Learning Representations},
  year={2017}
}

@article{mirhoseini2021graph,
  title={A Graph Placement Methodology for Fast Chip Design},
  author={Mirhoseini, Azalia and Goldie, Anna and Yazgan, Mustafa and Oliver, Joe and Pham, Jr and Jiang, Eric and Song, Kevin and Wang, Evelyn and Lee, Young-Joon and Singh, Naresh and others},
  journal={Nature},
  volume={594},
  number={7862},
  pages={207--212},
  year={2021}
}
